<?xml version="1.0" encoding="UTF-8"?><collection xmlns="http://www.loc.gov/MARC21/slim"><record><leader>00466nam--2200121-i-4500</leader><controlfield tag="001">000049566</controlfield><controlfield tag="002">20161230</controlfield><controlfield tag="005">20161230201047</controlfield><controlfield tag="008">060222s1000------------r-----000-0-eng-d</controlfield><datafield ind1=" " ind2=" " tag="245"><subfield code="a">Radioisotopes techniques for chemical and biomedical applications, nuclear and radio chemist</subfield></datafield><datafield ind1=" " ind2=" " tag="260"><subfield code="a">Ry And Radiation Chemistry, Aligarh Muslim Univ., Aligarh Dec.21-23, 1972</subfield></datafield><datafield ind1=" " ind2=" " tag="490"><subfield code="a">Aligarh, Aligarh Muslim Univ., 1972, 370p</subfield></datafield><datafield ind1=" " ind2=" " tag="852"><subfield code="a">541.28(061.3):541.1(061.3):621.039.8(061.3)</subfield></datafield></record></collection>